<?xml version="1.0" encoding="UTF-8"?><collection xmlns="http://www.loc.gov/MARC21/slim"><record><leader>00377nam--2200145-i-4500</leader><controlfield tag="001">000003092</controlfield><controlfield tag="002">20161230</controlfield><controlfield tag="005">20170305194322</controlfield><controlfield tag="008">060222s1000------------r-----000-0-eng-d</controlfield><datafield ind1=" " ind2=" " tag="100"><subfield code="a">Couffignal, Louis</subfield></datafield><datafield ind1=" " ind2=" " tag="245"><subfield code="a">Denkmaschinen. Mit einem vorwort von Max Bense</subfield></datafield><datafield ind1=" " ind2=" " tag="260"><subfield code="a">Stuttgart</subfield><subfield code="b">Kilper</subfield><subfield code="c">[1955]</subfield></datafield><datafield ind1=" " ind2=" " tag="300"><subfield code="a">186 p.+ Fig</subfield></datafield><datafield ind1=" " ind2=" " tag="852"><subfield code="a">681.33</subfield></datafield><datafield ind1=" " ind2=" " tag="CAT"><subfield code="a">SYS</subfield><subfield code="c">20170305</subfield><subfield code="h">194322</subfield></datafield></record></collection>